<?xml version="1.0" encoding="UTF-8"?><record xmlns="http://www.loc.gov/MARC21/slim" xmlns:cinclude="http://apache.org/cocoon/include/1.0" xmlns:zs="http://www.loc.gov/zing/srw/">
  <leader>00680cz  a2200145n  4500</leader>
  <controlfield tag="001">n  94110112 </controlfield>
  <controlfield tag="003">DLC</controlfield>
  <controlfield tag="005">19941115103854.3</controlfield>
  <controlfield tag="008">941115n| acannaab|          |a ana |||  </controlfield>
  <datafield tag="010" ind1=" " ind2=" ">
    <subfield code="a">n  94110112 </subfield>
  </datafield>
  <datafield tag="040" ind1=" " ind2=" ">
    <subfield code="a">DLC</subfield>
    <subfield code="c">DLC</subfield>
    <subfield code="d">DLC</subfield>
  </datafield>
  <datafield tag="110" ind1="2" ind2="0">
    <subfield code="a">Sociedad Nicaragüense de Médicos por la Paz y la Defensa de la Vida</subfield>
  </datafield>
  <datafield tag="410" ind1="2" ind2="0">
    <subfield code="a">MEDIPAZ</subfield>
  </datafield>
  <datafield tag="410" ind1="2" ind2="0">
    <subfield code="a">International Physicians for the Prevention of Nuclear War.</subfield>
    <subfield code="b">Sociedad Nicaragüense de Médicos por la Paz y la Defensa de la Vida</subfield>
  </datafield>
  <datafield tag="670" ind1=" " ind2=" ">
    <subfield code="a">La guerra de Nicaragua, 1994:</subfield>
    <subfield code="b">t.p. (Sociedad Nicaragüense de Médicos por la Paz y la Defensa de la Vida; MEDIPAZ; affiliated with International Physicians for the Prevention of Nuclear War)</subfield>
  </datafield>
</record>